<?xml version="1.0" encoding="UTF-8"?><record xmlns="http://www.loc.gov/MARC21/slim" xmlns:cinclude="http://apache.org/cocoon/include/1.0" xmlns:zs="http://www.loc.gov/zing/srw/">
  <leader>00614cz  a2200157n  4500</leader>
  <controlfield tag="001">n  86024239 </controlfield>
  <controlfield tag="003">DLC</controlfield>
  <controlfield tag="005">20080406075314.0</controlfield>
  <controlfield tag="008">870326n| acannaabn          |a ana     c</controlfield>
  <datafield tag="010" ind1=" " ind2=" ">
    <subfield code="a">n  86024239 </subfield>
  </datafield>
  <datafield tag="035" ind1=" " ind2=" ">
    <subfield code="a">(OCoLC)oca01818382</subfield>
  </datafield>
  <datafield tag="040" ind1=" " ind2=" ">
    <subfield code="a">NjP</subfield>
    <subfield code="b">eng</subfield>
    <subfield code="c">DLC</subfield>
    <subfield code="d">DLC</subfield>
    <subfield code="d">OCoLC</subfield>
  </datafield>
  <datafield tag="110" ind1="1" ind2=" ">
    <subfield code="a">Treviso (Italy).</subfield>
    <subfield code="b">Galleria comunale d'arte moderna</subfield>
  </datafield>
  <datafield tag="410" ind1="2" ind2=" ">
    <subfield code="a">Galleria comunale d'arte moderna (Treviso, Italy)</subfield>
  </datafield>
  <datafield tag="670" ind1=" " ind2=" ">
    <subfield code="a">Bortolatto, L. Artisti trevigiani della prima metaĚ del novecento, 1983:</subfield>
    <subfield code="b">t.p. (Galleria comunale d'arte moderna) p. 119 (f. 1959)</subfield>
  </datafield>
  <datafield tag="675" ind1=" " ind2=" ">
    <subfield code="a">Int. direct. of arts, 1985/1986;</subfield>
    <subfield code="a">Museums of the world, 1981.</subfield>
  </datafield>
</record>